@book{oppenheim2010,
  title={Discrete-Time Signal Processing},
  author={Oppenheim, Alan V and Schafer, Ronald W},
  edition={3rd},
  year={2010},
  publisher={Pearson}
}

@article{savitzky1964,
  title={Smoothing and Differentiation of Data by Simplified Least Squares Procedures},
  author={Savitzky, Abraham and Golay, Marcel J. E.},
  journal={Analytical Chemistry},
  volume={36},
  number={8},
  pages={1627--1639},
  year={1964},
  publisher={ACS}
}

@book{smith1997,
  title={The Scientist and Engineer's Guide to Digital Signal Processing},
  author={Smith, Steven W.},
  year={1997},
  publisher={California Technical Publishing},
  url={http://www.dspguide.com}
}

@misc{scipy2024,
  author = {Virtanen, Pauli and others},
  title = {SciPy signal processing documentation},
  howpublished = {\url{https://docs.scipy.org/doc/scipy/reference/signal.html}},
  year = {2024},
  note = {Accessed 31 May 2025}
}